% ....názov súboru je: literatura.bib
@article{alrawashdeh2013evaluating,
  title={Evaluating the quality of software in erp systems using the iso 9126 model},
  author={Alrawashdeh, Thamer A and Muhairat, Mohammad and Althunibat, Ahmad},
  journal={International Journal of Ambient Systems and Applications (IJASA)},
  volume={1},
  number={1},
  pages={1--9},
  year={2013}
}



@article{branstad1984software,
  title={Software engineering project standards},
  author={Branstad, Martha and Powell, Patricia B},
  journal={IEEE transactions on software engineering},
  number={1},
  pages={73--78},
  year={1984},
  publisher={IEEE}
}



@article{blagodatskych2005standart,
  title={Standardization of software development},
  author={Grateful, Viktor Alekseevich and Volnin, Vladimir Aleksandrovich and Poskakalov, Kirill Felixovich},
  year={2005},
  publisher={Finance and statistics, Russia}
}



@article{vasilenko2004models,
  title={Software Reliability Evaluation Models},
  author={Vasilenko, N.V. and Makarov, V.A.},
  journal={Vestnik Novgorod State University named Yaroslav Mudry},
  number={28},
  year={2004},
  publisher={Federal State Budgetary Educational Institution of Higher ~ ...}
}

@article{kabak1984reability,
  title={Estimation of the reliability of software on its mathematical model},
  author={Kabak I.S. and Rapoport G.N.},
  journal={Problems of creating flexible automated production},
  year={1987},
  publisher={Science, Moscow}
}


@article{kabak2012modelovanie,
  title={Modeling the reliability of software management software},
  author={Kabak I.S., Sukhanova N.V.},
  journal={Vestnik MPGU" Stankin" №1},
  volume={1},
  number={19},
  pages={95},
  year={2012}
}

@inproceedings{polupudnikov2018istruments,
  title={Tools for analyzing software based on neural networks},
  author={Polupudnikov, S.V. and Аstakhov, A.A.},
  booktitle={ADVANCED SCIENCE},
  pages={46--48},
  year={2018}
}
